@book{andersen,
  title={Statistical models based on counting processes},
  author={Andersen, Per K and Borgan, Ornulf and Gill, Richard D and Keiding, Niels},
  year={2012},
  publisher={Springer Science \& Business Media}
}

